<?xml version="1.0" encoding="UTF-8"?><record xmlns="http://www.loc.gov/MARC21/slim" xmlns:cinclude="http://apache.org/cocoon/include/1.0" xmlns:zs="http://www.loc.gov/zing/srw/">
  <leader>00397nz  a2200121n  4500</leader>
  <controlfield tag="001">nr 94023256 </controlfield>
  <controlfield tag="003">DLC</controlfield>
  <controlfield tag="005">19940728061553.9</controlfield>
  <controlfield tag="008">940714n| acannaab|          |n ana     c</controlfield>
  <datafield tag="010" ind1=" " ind2=" ">
    <subfield code="a">nr 94023256 </subfield>
  </datafield>
  <datafield tag="040" ind1=" " ind2=" ">
    <subfield code="a">MH-FA</subfield>
    <subfield code="c">MH-FA</subfield>
  </datafield>
  <datafield tag="110" ind1="2" ind2="0">
    <subfield code="a">Société des amis des arts de Neuchâtel</subfield>
  </datafield>
  <datafield tag="670" ind1=" " ind2=" ">
    <subfield code="a">L'art neuchâtelois, 1992:</subfield>
    <subfield code="b">t.p. verso (La Société des Amis des arts de Neuchâtel) p. 9 (founded in 1842)</subfield>
  </datafield>
</record>